% bibliografia.bib
% Copyright (C) 2023 Cristian Meichtry
% https://github.com/cmeichtry/template_LATEX

\renewcommand{\refname}{Bibliografía} %cambia el nombre de Referencias a Bibliografía
\addcontentsline{toc}{section}{Bibliografía} 
\bibliographystyle{IEEEtran} %formato de la biblio
\begin{thebibliography}{X}

\bibitem{TL082} Texas Instruments. (1998). \textit{TL082-N TL082 Wide Bandwidth Dual JFET Input Operational Amplifier }. \url{https://www.ti.com/lit/ds/symlink/tl082-n.pdf?ts=1662131204237\&ref\_url=https\\\%253A\%252F\%252Fwww.google.com\%252F} 

\bibitem{jm1} Adel S. Sedra, Mohamed A. Ghorab y Ken Martin. (Diciembre de 1980). \textit{Optimum Configurations for Single-Amplifier Biquadratic Filters} 

\end{thebibliography} 
